<?xml version="1.0" encoding="UTF-8"?><collection xmlns="http://www.loc.gov/MARC21/slim"><record><leader>00537nam--2200181-u-4500</leader><controlfield tag="001">000052427</controlfield><controlfield tag="002">20161230</controlfield><controlfield tag="005">20161230201050</controlfield><controlfield tag="008">100708s1000------------r-----000-0-fre-d</controlfield><datafield ind1=" " ind2=" " tag="040"><subfield code="a">IFIN-HH</subfield></datafield><datafield ind1=" " ind2=" " tag="041"><subfield code="a">fre</subfield></datafield><datafield ind1=" " ind2=" " tag="080"><subfield code="a">621.315(043)</subfield></datafield><datafield ind1="1" ind2=" " tag="100"><subfield code="a">Mezencev, Romane</subfield></datafield><datafield ind1="1" ind2="0" tag="245"><subfield code="a">Sur le calcul et l'asservissement des Generateurs d'Ondes de choc; Proposition donnee par la Faculte</subfield><subfield code="b">These</subfield><subfield code="c">Romane Mezencev</subfield></datafield><datafield ind1=" " ind2=" " tag="260"><subfield code="a">Toulouse</subfield><subfield code="b">Universite de Toulouse</subfield><subfield code="c">1958</subfield></datafield><datafield ind1=" " ind2=" " tag="300"><subfield code="a">61 p</subfield></datafield><datafield ind1=" " ind2=" " tag="852"><subfield code="a">78410</subfield><subfield code="c">531</subfield></datafield><datafield ind1=" " ind2=" " tag="CAT"><subfield code="a">Sys</subfield><subfield code="c">20100708</subfield><subfield code="h">132106</subfield></datafield></record></collection>